@Article{ChengShangChang1994,
  author       = {Cheng-Shang Chang},
  title        = {Stability, queue length, and delay of deterministic and
                  stochastic queueing networks},
  year         = 1994,
  volume       = 39,
  number       = 5,
  month        = {May},
  pages        = {913–931},
  issn         = {0018-9286},
  doi          = {10.1109/9.284868},
  url          = {http://dx.doi.org/10.1109/9.284868},
  journal      = {IEEE Transactions on Automatic Control},
  publisher    = {Institute of Electrical and Electronics Engineers (IEEE)}
}

@Article{Maglaris1988,
  author       = {Maglaris, B. and Anastassiou, D. and Sen, P. and Karlsson, G.
                  and Robbins, J.D.},
  title        = {Performance models of statistical multiplexing in packet video
                  communications},
  year         = 1988,
  volume       = 36,
  number       = 7,
  month        = {Jul},
  pages        = {834–844},
  issn         = {0090-6778},
  doi          = {10.1109/26.2812},
  url          = {http://dx.doi.org/10.1109/26.2812},
  journal      = {IEEE Transactions on Communications},
  publisher    = {Institute of Electrical and Electronics Engineers (IEEE)}
}
